%
%  Vzor bibliografické databáze pro automatickou tvorbu seznamu referencí
%  pomocí BibTeXu
%
%  Doporučený software pro správu databáze literatury formátu *.bib:
%    JabRef, http://jabref.sourceforge.net/
%
%  POZOR:
%
%    *  Písmena v názvech publikací, jež je třeba tisknout vždy velká, se musejí psát
%       do složených závorek ({T}hailand, {HIV})
%
%  ===========================================================================

@online{react_redux_dataflow,
  author = {{E}r {A}jay {P}ratap},
  year = {2018},
  title = {React Redux Tutorials: React Redux Data Flow and Redux Lifecycle Methods With Examples},
  note = {[cit. 2020-02-08]},
  url = {https://www.reactreduxtutorials.com/2018/02/redux-tutorial-for-beginners-redux-data-flow-redux-lifecycle.html}
}

@online{OpenALPR,
  author = {{R}ekor {R}ecognition {S}ystems, {I}nc.},
  year = {2018},
  note = {[cit. 2020-02-08]},
  url = {https://github.com/openalpr/openalpr}
}

@online{OpenALPR_Server,
  author = {gerhardsletten},
  year = {2019},
  note = {[cit. 2020-02-08]},
  url = {https://github.com/gerhardsletten/express-openalpr-server}
}

@online{DockerDocs,
  author = {{D}ocker {I}nc.},
  year = {2020},
  note = {[cit. 2020-02-16]},
  url = {https://docs.docker.com}
}

@online{Apollo,
  author = {{M}eteor {D}evelopment {G}roup {I}nc.},
  year = {2020},
  note = {[cit. 2020-02-16]},
  url = {https://www.apollographql.com}
}

@online{MongoDB,
  author = {{M}ongo{DB} {I}nc.},
  year = {2020},
  note = {[cit. 2020-02-16]},
  url = {https://www.mongodb.com}
}

@online{OledBurnIn,
  author = {{G}eoffrey {M}orrison, {D}avid {K}atzmaier},
  year = {2019},
  title = {OLED screen burn-in: What you need to know now},
  article = {journal},
  note = {[cit. 2020-02-16]},
  url = {https://www.cnet.com/how-to/oled-screen-burn-in-what-you-need-to-know-now}
}

@online{GraphQLDoc,
  author = {{T}he {G}raph{QL} {F}oundation},
  year = {2020},
  title = {Queries and Mutations},
  note = {[cit. 2020-02-24]},
  url = {https://graphql.org/learn/queries/#fields}
}

@online{ReduxCore,
  author = {{D}an {A}bramov et al.},
  year = {2020},
  title = {Core Concepts},
  note = {[cit. 2020-02-24]},
  url = {https://redux.js.org/introduction/core-concepts}
}

@online{CFProj,
  author = {{C}razy {F}actory {G}mb{H}},
  year = {2019},
  note = {[cit. 2020-02-24]},
  url = {https://github.com/crazyfactory/ts-react-boilerplate}
}

@online{Mongoose,
  author = {{L}earn{B}oost},
  year = {2019},
  note = {[cit. 2020-02-29]},
  url = {https://mongoosejs.com/}
}

@online{Reactjs,
  author = {{F}acebook},
  year = {2019},
  note = {[cit. 2020-02-29]},
  url = {https://reactjs.org/}
}

@online{typestyle,
  author = {typestyle},
  year = {2020},
  note = {[cit. 2020-02-29]},
  url = {https://github.com/typestyle/typestyle}
}

@online{reduxpersist,
  year = {2020},
  author = {Zack Story},
  note = {[cit. 2020-02-29]},
  url = {https://github.com/rt2zz/redux-persist}
}

@online{Volley1,
  year = {2019},
  author = {{G}oogle {LLC}},
  title = {Set up RequestQueue},
  note = {[cit. 2020-03-01]},
  url = {https://developer.android.com/training/volley/requestqueue.html#singleton}
}

@online{AndroidMem,
  year = {2019},
  author = {{G}oogle {LLC}},
  title = {Access app-specific files},
  note = {[cit. 2020-03-01]},
  url = {https://developer.android.com/training/data-storage/app-specific},
}

@online{QrScan,
  year = {2019},
  author = {{S}eshu {V}inay},
  title = {How to scan QRCode in android},
  note = {[cit. 2020-03-01]},
  url = {https://stackoverflow.com/questions/8830647/how-to-scan-qrcode-in-android/8830801}
}

@online{nconf,
  year = {2019},
  author = {{C}harlie {R}obbins},
  note = {[cit. 2020-03-14]},
  url = {https://github.com/indexzero/nconf}
}

@online{Typescript,
  year = {2019},
  author = {{M}icrosoft},
  note = {[cit. 2020-03-01]},
  url = {http://www.typescriptlang.org/}
}

@online{Nodejs,
  year = {2019},
  author = {{O}pen{JS} {F}oundation},
  note = {[cit. 2020-03-01]},
  url = {https://nodejs.org/en/}
}
